<record><leader>00000cas a22000007a 4500</leader><controlfield tag="001">11611245</controlfield><controlfield tag="008">850123d18601860wiuir ne      0    0eng d</controlfield><datafield ind1=" " ind2=" " tag="010"><subfield code="a">sn 85040035 </subfield></datafield><datafield ind1=" " ind2=" " tag="040"><subfield code="a">NPV</subfield><subfield code="b">eng</subfield><subfield code="c">NPV</subfield><subfield code="d">OCLCQ</subfield></datafield><datafield ind1=" " ind2=" " tag="042"><subfield code="a">msc</subfield></datafield><datafield ind1=" " ind2=" " tag="043"><subfield code="a">n-us-wi</subfield></datafield><datafield ind1=" " ind2=" " tag="045"><subfield code="a">w6w6</subfield></datafield><datafield ind1=" " ind2=" " tag="052"><subfield code="a">4123</subfield><subfield code="b">L2</subfield></datafield><datafield ind1="0" ind2="4" tag="245"><subfield code="a">The Tri-weekly union and Democrat.</subfield></datafield><datafield ind1="1" ind2="7" tag="246"><subfield code="a">Union and Democrat</subfield></datafield><datafield ind1=" " ind2=" " tag="260"><subfield code="a">La Crosse, Wis. :</subfield><subfield code="b">M.M. Pomeroy &amp; Co.,</subfield><subfield code="c">1860-</subfield></datafield><datafield ind1=" " ind2=" " tag="300"><subfield code="a">2 v. :</subfield><subfield code="b">ill. (chiefly advertisements)</subfield></datafield><datafield ind1=" " ind2=" " tag="310"><subfield code="a">Triweekly</subfield></datafield><datafield ind1="0" ind2=" " tag="362"><subfield code="a">Vol. 1, no. 189 (June 8, 1860)-v. 2, no. 10 (Nov. 30, 1860).</subfield></datafield><datafield ind1=" " ind2=" " tag="500"><subfield code="a">Editor: M.M. Pomeroy, F.A. Moore, June 8, 1860-&lt;Nov. 12, 1860&gt;.--M.M. Pomeroy, Nov. 28-30, 1860.</subfield></datafield><datafield ind1=" " ind2=" " tag="530"><subfield code="a">Available on microfilm from The State Historical Society of Wisconsin.</subfield></datafield><datafield ind1=" " ind2=" " tag="752"><subfield code="a">United States</subfield><subfield code="b">Wisconsin</subfield><subfield code="c">La Crosse</subfield><subfield code="d">La Crosse.</subfield></datafield><datafield ind1="0" ind2="0" tag="780"><subfield code="t">Crosse tri-weekly union and Democrat</subfield><subfield code="w">(DLC)sn 85040034</subfield></datafield><datafield ind1="0" ind2="0" tag="785"><subfield code="t">Crosse tri-weekly Democrat</subfield><subfield code="w">(DLC)sn 84031450</subfield></datafield><datafield ind1="1" ind2=" " tag="029"><subfield code="a">AU@</subfield><subfield code="b">000025796171</subfield></datafield></record>